<?xml version="1.0" encoding="UTF-8"?><record xmlns="http://www.loc.gov/MARC21/slim" xmlns:cinclude="http://apache.org/cocoon/include/1.0" xmlns:zs="http://www.loc.gov/zing/srw/">
  <leader>00494nz  a2200133n  4500</leader>
  <controlfield tag="001">n  80142981 </controlfield>
  <controlfield tag="003">DLC</controlfield>
  <controlfield tag="005">19840322000000.0</controlfield>
  <controlfield tag="008">801107n| acannaab|          |n aac |||  </controlfield>
  <datafield tag="010" ind1=" " ind2=" ">
    <subfield code="a">n  80142981 </subfield>
  </datafield>
  <datafield tag="040" ind1=" " ind2=" ">
    <subfield code="a">DLC</subfield>
    <subfield code="c">DLC</subfield>
  </datafield>
  <datafield tag="100" ind1="1" ind2="0">
    <subfield code="a">Bli︠u︡m, Maĭka,</subfield>
    <subfield code="d">1956-</subfield>
  </datafield>
  <datafield tag="670" ind1=" " ind2=" ">
    <subfield code="a">Shestoĭ mezhdunarodnyĭ konkurs imeni P. I. Chaĭkovskogo, fortepiano [SR] 1979? (a.e.)</subfield>
    <subfield code="b">container (Maĭka Bli︠u︡m, b. 1956, American pianist)</subfield>
  </datafield>
  <datafield tag="675" ind1=" " ind2=" ">
    <subfield code="a">Int. WW mus., 8th ed.;</subfield>
    <subfield code="a">Baker, 6th ed.;</subfield>
    <subfield code="a">NY times index, 1979</subfield>
  </datafield>
</record>